@article{Hagberg_Aric_Pieter_Daniel_2008,
    author  = {Hagberg, Aric and Swart, Pieter and S Chult, Daniel},
    title   = {Exploring network structure, dynamics, and function using networkx},
    doi     = {},
    url     = {https://www.osti.gov/biblio/960616}, 
    journal = {},
    number  = {},
    volume  = {},
    place   = {United States},
    year    = {2008},
    month   = {1}
}

@INPROCEEDINGS{Aziz_Anusha_Sheikh_2022,
    author  = {Aziz, Anusha and Tasfia, Sheikh and Akhtaruzzaman, M.},
    title   = {A Comparative Analysis among Three Different Shortest Path-finding Algorithms}, 
    booktitle   = {2022 3rd International Conference for Emerging Technology (INCET)}, 
    year    = {2022},
    volume  = {},
    number  = {},
    pages   = {1-4},
    doi     = {10.1109/INCET54531.2022.9824074}
}

@article{He_2022, 
    author  = {He, Baoyi}, 
    title   = {Application of Dijkstra algorithm in finding the shortest path},
    journal = {Journal of Physics: Conference Series}, 
    year    = {2022},
    month   = {1}, 
    volume  = {2181},
    number  = {1}, 
    pages   = {012005},
    ISSN    = {1742-6588, 1742-6596},
    URL     = {https://iopscience.iop.org/article/10.1088/1742-6596/2181/1/012005}, DOI={10.1088/1742-6596/2181/1/012005}
}

@book{Russell_Norvig_2021,
    author  = {Russell, Stuart J. and Norvig, Peter},
    title   = {Artificial Intelligence: {A} Modern Approach}, 
    edition = {Fourth edition},
    year    = {2021}, 
    series  = {Pearson series in artificial intelligence},
    ISBN    = {9780134610993},
    callNumber  = {Q335 .R86 2021},
    publisher   = {Pearson},
    collection  = {Pearson series in artificial intelligence} 
}

@article{Grinberger_Minghini_Juhász_Yeboah_Mooney_2022, 
    author  = {Grinberger, A. Yair and Minghini, Marco and Juhász, Levente and Yeboah, Godwin and Mooney, Peter},
    title   = {OSM Science—The Academic Study of the OpenStreetMap Project, Data, Contributors, Community, and Applications},
    journal = {ISPRS International Journal of Geo-Information},
    year    = {2022},
    month   = {3},
    volume  = {11},
    number  = {4},
    pages   = {230},
    ISSN    = {2220-9964},
    URL     = {https://www.mdpi.com/2220-9964/11/4/230},
    DOI     = {10.3390/ijgi11040230},
    language    = {en} 
}

@article{AbuSalim_Ibrahim_Zainuri_Saringat_Jamel_Abdul_Wahab_2020, 
    author  = {AbuSalim, Samah W.G. and Ibrahim, Rosziati and Zainuri Saringat, Mohd and Jamel, Sapiee and Abdul Wahab, Jahari}, 
    title   = {Comparative Analysis between Dijkstra and Bellman-Ford Algorithms in Shortest Path Optimization},
    journal = {IOP Conference Series: Materials Science and Engineering}, 
    year    = {2020},
    month   = {9}, 
    volume  = {917},
    number  = {1}, 
    pages   = {012077},
    ISSN    = {1757-8981, 1757-899X},
    URL     = {https://iopscience.iop.org/article/10.1088/1757-899X/917/1/012077}, 
    DOI     = {10.1088/1757-899X/917/1/012077}
}

@article{Zeng_Church_2009, 
    author  = {Zeng, W. and Church, R. L.},
    title   = {Finding shortest paths on real road networks: the case for A*}, 
    journal = {International Journal of Geographical Information Science},
    year    = {2009}, 
    month   = {4},
    volume  = {23}, 
    pages   = {531–543},
    number  = {4},
    ISSN    = {1365-8816, 1362-3087}, 
    URL     = {http://www.tandfonline.com/doi/abs/10.1080/13658810801949850}, 
    DOI     = {10.1080/13658810801949850}, 
    language    = {en} 
}

@article{Wayahdi_2021_GreedyAA,
    author  = {M. Rhifky Wayahdi and Subhan Hafiz Nanda Ginting and Dinur Syahputra},
    title   = {Greedy, A-Star, and Dijkstra’s Algorithms in Finding Shortest Path},
    journal = {International Journal of Advances in Data and Information Systems},
    year    = {2021}
}

@article{Fitro_2018,
    author  = {Achmad Fitro, Otong Saeful Bachri, Arif Ilham Sulistio Purnomo and Indra Frendianata},
    title   = {Shortest Path Finding in Geographical Information Systems using Node Combination and Dijkstra Algorithm},
    journal = {International Journal of Mechanical Engineering and Technology},
    year    = {2018},
    month   = {2},
    volume  = {9},
    issue   = {2},
    pages   = {755-750},
    URL     = {https://iaeme.com/Home/article_id/IJMET_09_02_078}
}

@article{Yan_Wong_2021,
    author  = {Yan, Yinzhao and Wong, Raymond Chi-Wing},
    title   = {Path Advisor: A Multi-Functional Campus Map Tool for Shortest Path},
    journal = {Proc. VLDB Endow.},
    year    = {2021},
    month   = {7},
    volume  = {14},
    number  = {12},
    pages = {2683–2686},
    numpages = {4},
    issue_date  = {July 2021},
    publisher   = {VLDB Endowment},
    issn    = {2150-8097},
    url     = {https://doi.org/10.14778/3476311.3476319},
    doi     = {10.14778/3476311.3476319}
}